@misc{augsten_2017_was,
  author = {Augsten, Stephan},
  month = {04},
  title = {Was ist eine Web App?},
  url = {https://www.dev-insider.de/was-ist-eine-web-app-a-596814/},
  urldate = {2021-09-01},
  year = {2017}
}